@article{ mesos,
  author =	 {Ali Ghodsi and Matei Zaharia and Benjamin Hindman and Andy Konwinski and Scott Shenker and Ion Stoica},
  title =	 {Mesos: A Platform for Fine-Grained Resource Sharing in the Data Center},
  journal =	 {8th USENIX conference on Networked systems design and implementation},
  month =	 {April},
  year =	 2011
}

@article{ policiesAndMetrics,
  author =	 {Robbert van Renesse and Aage Kvalnes and Dmitrii Zagorodnov and Dag Johansen},
  title =	 {Policies and Metrics for Fair Resource Sharing},
  journal =	 {University of Tromsø},
  month =	 {January},
  year =	 2006
}

@article{ dominantResourceFairness,
  author =	 {Ali Ghodsi and Matei Zaharia and Benjamin Hindman and Andy Konwinski and Scott Shenker and Ion Stoica},
  title =	 {Dominant resource fairness: fair allocation of multiple resource types},
  journal =	 {8th USENIX conference on Networked systems design and implementation},
  month =	 {march},
  pages =	 {323--336},
  year =	 2011
}

@article{ adaptiveScheduling,
  author =	 {Mbarka Soualhia and Foutse Khomh and Sofiène Tahar},
  title =	 {Adaptive Failure-Aware Scheduling for Hadoop},
  journal =	 {2015 IEEE 34th International Performance Computing and Communications Conference (IPCCC)},
  month =	 {February},
  year =	 2018
}

@online{ docker,
  author = {docker},
  title = {What is a Container?},
  year = 2020,
  url = {www.docker.com/resources/what-container},
  urldate = {2020-08-30}
}

@online{ container,
  author = {Jonas DeMuro},
  title = {What is container technology?},
  year = 2019,
  url = {www.techradar.com/news/what-is-container-technology},
  urldate = {2020-08-30}
}

@online{ ml,
  author = {expertsystem},
  title = {What is Machine Learning? A definition},
  year = 2020,
  url = {https://expertsystem.com/machine-learning-definition/},
  urldate = {2020-08-30}
}

@online{ ann,
  author = {Jake Frankenfield},
  title = {Artificial Neural Network (ANN)},
  year = 2020,
  url = {https://www.investopedia.com/terms/a/artificial-neural-networks-ann.asp},
  urldate = {2020-09-05}
}

@online{ deepLearning,
  author = {Hargrave Marshall},
  title = {Deep Learning},
  year = 2019,
  url = {https://www.investopedia.com/terms/d/deep-learning.asp},
  urldate = {2020-09-03}
}

@online{ deepLearning2,
  author = {TheMathWorks},
  title = {What Is Deep Learning?},
  year = 2020,
  url = {https://www.mathworks.com/discovery/deep-learning.html},
  urldate = {2020-09-03}
}

@Book{mesosInAction,
  author =	 {Roger Ignazio},
  title = 	 {Mesos in Action},
  publisher = 	 {Manning Publications Co.},
  year = 	 2016
}

@online{drf,
  author = {Anton Kirillov},
  title = {Resource Allocation in Mesos: Dominant Resource Fairness},
  year = 2016,
  url = {http://datastrophic.io/resource-allocation-in-mesos-dominant-resource-fairness-explained},
  urldate = {2020-09-5}
}

@online{ zooKeeper,
  author = {IBM},
  title = {Apache ZooKeeper},
  year = 2020,
  url = {https://www.ibm.com/analytics/hadoop/zookeeper},
  urldate = {2020-09-05}
}

@online{ elasticsearch,
  author = {Abueg Ralf},
  title = {Elasticsearch: What It Is, How It Works, And What It’s Used For},
  year = 2020,
  url = {https://www.knowi.com/blog/what-is-elastic-search/},
  urldate = {2020-11-24}
}

@online{ kafka,
  author = {Wikipedia},
  title = {Apache Kafka},
  year = 2020,
  url = {https://en.wikipedia.org/wiki/Apache_Kafka},
  urldate = {2020-11-25}
}

@article{ fishSwarm,
  author =	 {Qing Liu and Tomohiro Odaka and Jousuke Kuroiwa and Hisakazu Ogura},
  title =	 {A Fair Scheduling Algorithm for Adaptive Heterogeneous Resources in Data Centers},
  journal =	 {IEICE},
  month =	 {April},
  pages =	 {872--885},
  year =	 2013
}

@article{ xdrf,
  author =	 {Wenbin Liu and Ningjiang Chen and Hua Li and Yusi Tang and Birui Liang},
  title =	 {A Fair Scheduling Algorithm for Adaptive Heterogeneous Resources in Data Centers},
  journal =	 {the Tenth Asia-Pacific Symposium},
  month =	 {September},
  year =	 2018
}

@article{ tromino,
  author =	 {Pankaj Saha and Angel Beltre and and Madhusudhan Govindaraju},
  title =	 {Tromino: Demand and DRF Aware Multi-Tenant Queue Manager for Apache Mesos Cluster},
  journal =	 {2018 IEEE/ACM 11th International Conference on Utility and Cloud Computing (UCC) 63-72},
  month =	 {May},
  year =	 2019
}

